@article{durrant2006simultaneous,
	title={Simultaneous localization and mapping: part I},
	author={Durrant-Whyte, Hugh and Bailey, Tim},
	journal={IEEE robotics \& automation magazine},
	volume={13},
	number={2},
	pages={99--110},
	year={2006},
	publisher={IEEE}
}

@inproceedings{krinkin2018evaluation,
	title={Evaluation of modern laser based indoor slam algorithms},
	author={Krinkin, Kirill and Filatov, Anton and yom Filatov, Art and Huletski, Artur and Kartashov, Dmitriy},
	booktitle={2018 22nd Conference of Open Innovations Association (FRUCT)},
	pages={101--106},
	year={2018},
	organization={IEEE}
}

@inproceedings{bodin2018slambench2,
	title={SLAMBench2: Multi-objective head-to-head benchmarking for visual SLAM},
	author={Bodin, Bruno and Wagstaff, Harry and Saecdi, Sajad and Nardi, Luigi and Vespa, Emanuele and Mawer, John and Nisbet, Andy and Luj{\'a}n, Mikel and Furber, Steve and Davison, Andrew J and others},
	booktitle={2018 IEEE International Conference on Robotics and Automation (ICRA)},
	pages={1--8},
	year={2018},
	organization={IEEE}
}

@inproceedings{strasdat2010real,
	title={Real-time monocular SLAM: Why filter?},
	author={Strasdat, Hauke and Montiel, JMM and Davison, Andrew J},
	booktitle={2010 IEEE International Conference on Robotics and Automation},
	pages={2657--2664},
	year={2010},
	organization={IEEE}
}

@inproceedings{madhavan2009benchmarking,
	title={Benchmarking and standardization of intelligent robotic systems},
	author={Madhavan, Raj and Lakaemper, Rolf and Kalm{\'a}r-Nagy, Tam{\'a}s},
	booktitle={2009 International Conference on Advanced Robotics},
	pages={1--7},
	year={2009},
	organization={IEEE}
}

@inproceedings{sturm2012benchmark,
	title={A benchmark for the evaluation of RGB-D SLAM systems},
	author={Sturm, J{\"u}rgen and Engelhard, Nikolas and Endres, Felix and Burgard, Wolfram and Cremers, Daniel},
	booktitle={2012 IEEE/RSJ International Conference on Intelligent Robots and Systems},
	pages={573--580},
	year={2012},
	organization={IEEE}
}

@inproceedings{handa2014benchmark,
	title={A benchmark for RGB-D visual odometry, 3D reconstruction and SLAM},
	author={Handa, Ankur and Whelan, Thomas and McDonald, John and Davison, Andrew J},
	booktitle={2014 IEEE international conference on Robotics and automation (ICRA)},
	pages={1524--1531},
	year={2014},
	organization={IEEE}
}

@inproceedings{weisz2016robobench,
	title={RoboBench: Towards sustainable robotics system benchmarking},
	author={Weisz, Jonathan and Huang, Yipeng and Lier, Florian and Sethumadhavan, Simha and Allen, Peter},
	booktitle={2016 IEEE International Conference on Robotics and Automation (ICRA)},
	pages={3383--3389},
	year={2016},
	organization={IEEE}
}

@inproceedings{del2006benchmarks,
	title={Benchmarks in robotics research},
	author={del Pobil, Angel P and Madhavan, Rad and Messina, Elena},
	booktitle={Workshop IROS},
	year={2006},
	organization={Citeseer}
}

@article{perera2014exploration,
	title={Exploration: Simultaneous Localization and Mapping (SLAM)},
	author={Perera, Samunda and Barnes, Dr Nick and Zelinsky, Dr Alexander},
	journal={Computer Vision: A Reference Guide},
	pages={268--275},
	year={2014},
	publisher={Springer}
}

@article{frese2010interview,
	title={Interview: Is slam solved?},
	author={Frese, Udo},
	journal={KI-K{\"u}nstliche Intelligenz},
	volume={24},
	number={3},
	pages={255--257},
	year={2010},
	publisher={Springer}
}

@misc{roboticskuka,
	title={Kuka Navigation Solution, 2016},
	author={Robotics, Kuka}
}

@article{cadena2016past,
	title={Past, present, and future of simultaneous localization and mapping: Toward the robust-perception age},
	author={Cadena, Cesar and Carlone, Luca and Carrillo, Henry and Latif, Yasir and Scaramuzza, Davide and Neira, Jos{\'e} and Reid, Ian and Leonard, John J},
	journal={IEEE Transactions on robotics},
	volume={32},
	number={6},
	pages={1309--1332},
	year={2016},
	publisher={IEEE}
}

@inproceedings{newcombe2011kinectfusion,
	title={Kinectfusion: Real-time dense surface mapping and tracking.},
	author={Newcombe, Richard A and Izadi, Shahram and Hilliges, Otmar and Molyneaux, David and Kim, David and Davison, Andrew J and Kohli, Pushmeet and Shotton, Jamie and Hodges, Steve and Fitzgibbon, Andrew W},
	booktitle={ISMAR},
	volume={11},
	number={2011},
	pages={127--136},
	year={2011}
}

@article{davison2007monoslam,
	title={MonoSLAM: Real-time single camera SLAM},
	author={Davison, Andrew J and Reid, Ian D and Molton, Nicholas D and Stasse, Olivier},
	journal={IEEE Transactions on Pattern Analysis \& Machine Intelligence},
	number={6},
	pages={1052--1067},
	year={2007},
	publisher={IEEE}
}

@inproceedings{whelan2015elasticfusion,
	title={ElasticFusion: Dense SLAM without a pose graph},
	author={Whelan, Thomas and Leutenegger, Stefan and Salas-Moreno, R and Glocker, Ben and Davison, Andrew},
	year={2015},
	organization={Robotics: Science and Systems}
}

@inproceedings{geiger2012we,
	title={Are we ready for autonomous driving? the kitti vision benchmark suite},
	author={Geiger, Andreas and Lenz, Philip and Urtasun, Raquel},
	booktitle={2012 IEEE Conference on Computer Vision and Pattern Recognition},
	pages={3354--3361},
	year={2012},
	organization={IEEE}
}